<record><leader>00000cas a22000007a 4500</leader><controlfield tag="001">16101127</controlfield><controlfield tag="008">870629c19239999iauwr ne      0    0eng d</controlfield><controlfield tag="009">5087</controlfield><datafield ind1=" " ind2=" " tag="010"><subfield code="a">sn 88059528 </subfield></datafield><datafield ind1=" " ind2=" " tag="040"><subfield code="a">INP</subfield><subfield code="b">eng</subfield><subfield code="c">INP</subfield><subfield code="d">OCLCQ</subfield></datafield><datafield ind1=" " ind2=" " tag="042"><subfield code="a">msc</subfield></datafield><datafield ind1="0" ind2="4" tag="245"><subfield code="a">The Grundy register.</subfield></datafield><datafield ind1=" " ind2=" " tag="260"><subfield code="a">Grundy Center, Iowa :</subfield><subfield code="b">Register Print. Co.,</subfield><subfield code="c">1923-</subfield></datafield><datafield ind1=" " ind2=" " tag="300"><subfield code="a">v.</subfield></datafield><datafield ind1=" " ind2=" " tag="310"><subfield code="a">Weekly</subfield></datafield><datafield ind1="0" ind2=" " tag="362"><subfield code="a">54th year, no. 18 (May 3, 1923)-</subfield></datafield><datafield ind1=" " ind2=" " tag="500"><subfield code="a">Includes separately numbered section called: Wellsburg herald, May 7, 1964-&lt;Feb. 1, 1968&gt;.</subfield></datafield><datafield ind1=" " ind2=" " tag="752"><subfield code="a">United States</subfield><subfield code="b">Iowa</subfield><subfield code="c">Grundy</subfield><subfield code="d">Grundy Center.</subfield></datafield><datafield ind1=" " ind2=" " tag="752"><subfield code="a">United States</subfield><subfield code="b">Iowa</subfield><subfield code="c">Grundy</subfield><subfield code="d">Wellsburg.</subfield></datafield><datafield ind1="0" ind2="4" tag="780"><subfield code="t">Grundy Republican</subfield><subfield code="w">(DLC)sn 88059539</subfield></datafield><datafield ind1="0" ind2="4" tag="780"><subfield code="t">Grundy County dispatch</subfield><subfield code="w">(DLC)sn 88059535</subfield></datafield><datafield ind1="0" ind2="5" tag="780"><subfield code="t">Wellsburg herald (Wellsburg, Iowa : 1946)</subfield><subfield code="w">(DLC)sn 88059542</subfield></datafield><datafield ind1="1" ind2=" " tag="787"><subfield code="t">Wellsburg herald</subfield></datafield></record>